<?xml version="1.0" encoding="UTF-8"?><collection xmlns="http://www.loc.gov/MARC21/slim"><record><leader>00474nam--2200181-i-4500</leader><controlfield tag="001">000022053</controlfield><controlfield tag="002">20161230</controlfield><controlfield tag="005">20161230201034</controlfield><controlfield tag="008">060222s1000------------r-----000-0-fre-d</controlfield><datafield ind1=" " ind2=" " tag="040"><subfield code="a">IFIN-HH</subfield></datafield><datafield ind1=" " ind2=" " tag="041"><subfield code="a">fre</subfield></datafield><datafield ind1=" " ind2=" " tag="080"><subfield code="a">539.17</subfield></datafield><datafield ind1="1" ind2=" " tag="100"><subfield code="a">Gusakow, Mark</subfield></datafield><datafield ind1="1" ind2="0" tag="245"><subfield code="a">Contribution a l'etude des reactions (p, pn) a moyenne energie</subfield><subfield code="b">These</subfield><subfield code="c">Mark gusakow</subfield></datafield><datafield ind1=" " ind2=" " tag="260"><subfield code="a">Paris</subfield><subfield code="b">Universite</subfield><subfield code="c">1962</subfield></datafield><datafield ind1=" " ind2=" " tag="300"><subfield code="a">34P</subfield></datafield><datafield ind1=" " ind2=" " tag="852"><subfield code="a">22865</subfield><subfield code="c">539.17</subfield></datafield><datafield ind1=" " ind2=" " tag="CAT"><subfield code="a">Sys</subfield><subfield code="c">20120530</subfield><subfield code="h">150154</subfield></datafield></record></collection>